@book{Knoll,
      author        = "Knoll, Glenn F",
      title         = "{Radiation detection and measurement; 4th ed.}",
      publisher     = "Wiley",
      address       = "New York, NY",
      year          = "2010",
      url           = "https://cds.cern.ch/record/1300754",
}

@article{Jordanov,
title = "Digital synthesis of pulse shapes in real time for high resolution radiation spectroscopy",
journal = "Nuclear Instruments and Methods in Physics Research Section A: Accelerators, Spectrometers, Detectors and Associated Equipment",
volume = "345",
number = "2",
pages = "337 - 345",
year = "1994",
issn = "0168-9002",
doi = "https://doi.org/10.1016/0168-9002(94)91011-1",
url = "http://www.sciencedirect.com/science/article/pii/0168900294910111",
author = "Valentin T. Jordanov and Glenn F. Knoll"
}
@article{Radeka,
title = "Low-noise techniques in detectors",
journal = " Annual Review of Nuclear and Particle Sciences",
volume = "38",
number = "2",
pages = "217 - 277",
year = "1988",
url = "http://xrm.phys.northwestern.edu/research/pdf_papers/1988/radeka_ann_rev_nucl_part_sci_1988.pdf",
author = "Veljko Radeka"
}

@misc{LMFIT,
  author       = {Newville, Matthew and
                  Stensitzki, Till and
                  Allen, Daniel B. and
                  Ingargiola,  Antonino},
  title        = {{LMFIT: Non-Linear Least-Square Minimization and 
                   Curve-Fitting for Python¶}},
  month        = sep,
  year         = 2014,
  doi          = {10.5281/zenodo.11813},
  url          = {https://doi.org/10.5281/zenodo.11813}
}


@book{spieler,
  title={Semiconductor Detector Systems},
  author={Spieler, Helmuth},
  volume={12},
  year={2005},
  publisher={Oxford University Press}
}

@phdthesis{renphd,
  title={Performance of the SmartPET Positron Emission Tomography System for Small Animal Imaging},
  author={Cooper, Reynold James},
  year={2007},
  school={University of Liverpool}
}

@article{zhe,
  title={Review of the Shockley--Ramo Theorem and its Application in Semiconductor Gamma-Ray Detectors},
  author={He, Zhong},
  journal={Nuclear Instruments and Methods in Physics Research Section A: Accelerators, Spectrometers, Detectors and Associated Equipment},
  volume={463},
  number={1-2},
  pages={250--267},
  year={2001},
  publisher={Elsevier}
}

@book{sze,
  title={Physics of Semiconductor Devices},
  author={Sze, Simon M and Ng, Kwok K},
  year={2006},
  publisher={John Wiley \& Sons}
}

@article{shockley,
  title={Currents to Conductors Induced by a Moving Point Charge},
  author={Shockley, William},
  journal={Journal of Applied Physics},
  volume={9},
  number={10},
  pages={635--636},
  year={1938},
  publisher={AIP}
}

@article{ramo,
  title={Currents Induced by Electron Motion},
  author={Ramo, Simon},
  journal={Proceedings of the IRE},
  volume={27},
  number={9},
  pages={584--585},
  year={1939},
  publisher={IEEE}
}
